<?xml version="1.0" encoding="UTF-8"?><collection xmlns="http://www.loc.gov/MARC21/slim"><record><leader>00458nam--2200145-i-4500</leader><controlfield tag="001">000028356</controlfield><controlfield tag="002">20161230</controlfield><controlfield tag="005">20161230201037</controlfield><controlfield tag="008">060222s1000------------r-----000-0-eng-d</controlfield><datafield ind1=" " ind2=" " tag="080"><subfield code="a">62-52:621.391</subfield></datafield><datafield ind1=" " ind2=" " tag="100"><subfield code="a">Le Maitre, J.F.Et Paquet, J.G</subfield></datafield><datafield ind1=" " ind2=" " tag="245"><subfield code="a">Methodes pratiques d`etude des oscillations non lineaires. application aux systemes par plus-ou-moins</subfield></datafield><datafield ind1=" " ind2=" " tag="260"><subfield code="a">Paris, Gordon &amp; Breach, 1970, Xv + 156p</subfield></datafield><datafield ind1=" " ind2=" " tag="490"><subfield code="a">Theorie Des Systemes</subfield></datafield><datafield ind1=" " ind2=" " tag="852"><subfield code="a">42826</subfield></datafield></record></collection>